<?xml version="1.0" encoding="UTF-8"?><record xmlns="http://www.loc.gov/MARC21/slim" xmlns:cinclude="http://apache.org/cocoon/include/1.0" xmlns:zs="http://www.loc.gov/zing/srw/">
  <leader>00951nz  a2200241n  4500</leader>
  <controlfield tag="001">no2014154339</controlfield>
  <controlfield tag="003">DLC</controlfield>
  <controlfield tag="005">20141121073603.0</controlfield>
  <controlfield tag="008">141120n| azannaabn          |a aaa     c</controlfield>
  <datafield tag="010" ind1=" " ind2=" ">
    <subfield code="a">no2014154339</subfield>
  </datafield>
  <datafield tag="035" ind1=" " ind2=" ">
    <subfield code="a">(OCoLC)oca10021149</subfield>
  </datafield>
  <datafield tag="040" ind1=" " ind2=" ">
    <subfield code="a">IEN-Mu</subfield>
    <subfield code="b">eng</subfield>
    <subfield code="e">rda</subfield>
    <subfield code="c">IEN-Mu</subfield>
  </datafield>
  <datafield tag="100" ind1="1" ind2=" ">
    <subfield code="a">Scarlatti, Domenico,</subfield>
    <subfield code="d">1685-1757.</subfield>
    <subfield code="t">Sonatas,</subfield>
    <subfield code="m">harpsichord,</subfield>
    <subfield code="n">K. 218,</subfield>
    <subfield code="r">A minor</subfield>
  </datafield>
  <datafield tag="380" ind1=" " ind2=" ">
    <subfield code="a">Sonatas</subfield>
    <subfield code="2">lcsh</subfield>
  </datafield>
  <datafield tag="382" ind1="0" ind2=" ">
    <subfield code="a">harpsichord</subfield>
    <subfield code="n">1</subfield>
    <subfield code="2">lcmpt</subfield>
  </datafield>
  <datafield tag="383" ind1=" " ind2=" ">
    <subfield code="c">K. 218</subfield>
    <subfield code="d">Kirkpatrick1953</subfield>
    <subfield code="2">mlati</subfield>
  </datafield>
  <datafield tag="383" ind1=" " ind2=" ">
    <subfield code="c">L. 392</subfield>
    <subfield code="d">Longo</subfield>
    <subfield code="2">mlati</subfield>
  </datafield>
  <datafield tag="383" ind1=" " ind2=" ">
    <subfield code="c">F. 166</subfield>
    <subfield code="d">Fadini</subfield>
    <subfield code="2">mlati</subfield>
  </datafield>
  <datafield tag="384" ind1="0" ind2=" ">
    <subfield code="a">A minor</subfield>
  </datafield>
  <datafield tag="400" ind1="1" ind2=" ">
    <subfield code="a">Scarlatti, Domenico,</subfield>
    <subfield code="d">1685-1757.</subfield>
    <subfield code="t">Sonatas,</subfield>
    <subfield code="m">harpsichord,</subfield>
    <subfield code="n">L. 392,</subfield>
    <subfield code="r">A minor</subfield>
  </datafield>
  <datafield tag="400" ind1="1" ind2=" ">
    <subfield code="a">Scarlatti, Domenico,</subfield>
    <subfield code="d">1685-1757.</subfield>
    <subfield code="t">Sonatas,</subfield>
    <subfield code="m">harpsichord,</subfield>
    <subfield code="n">F. 166,</subfield>
    <subfield code="r">A minor</subfield>
  </datafield>
  <datafield tag="670" ind1=" " ind2=" ">
    <subfield code="a">Scarlatti, Domenico. Sonatas for harpsichord. Vol. 14, 1956:</subfield>
    <subfield code="b">label (Longo 392 in A minor)</subfield>
  </datafield>
  <datafield tag="670" ind1=" " ind2=" ">
    <subfield code="a">Grove music online, viewed November 20, 2014</subfield>
    <subfield code="b">(K. 218 = F. 166 = L. 392; a, 6/8, vivo)</subfield>
  </datafield>
</record>